<record><leader>00000cas a2200000 a 4500</leader><controlfield tag="001">18784756</controlfield><controlfield tag="008">881118d19221942wauwr ne      0    0eng d</controlfield><datafield ind1=" " ind2=" " tag="010"><subfield code="a">sn 88087199 </subfield></datafield><datafield ind1=" " ind2=" " tag="040"><subfield code="a">SLZ</subfield><subfield code="b">eng</subfield><subfield code="c">SLZ</subfield><subfield code="d">OCL</subfield><subfield code="d">OCLCQ</subfield></datafield><datafield ind1=" " ind2=" " tag="042"><subfield code="a">msc</subfield></datafield><datafield ind1=" " ind2=" " tag="043"><subfield code="a">n-us-wa</subfield></datafield><datafield ind1="0" ind2="4" tag="245"><subfield code="a">The Zillah mirror.</subfield></datafield><datafield ind1=" " ind2=" " tag="260"><subfield code="a">Zillah, Wash. :</subfield><subfield code="b">Alice H. Dyke</subfield></datafield><datafield ind1=" " ind2=" " tag="300"><subfield code="a">v.</subfield></datafield><datafield ind1=" " ind2=" " tag="310"><subfield code="a">Weekly</subfield></datafield><datafield ind1="1" ind2=" " tag="362"><subfield code="a">Began in 1922.</subfield></datafield><datafield ind1="0" ind2=" " tag="362"><subfield code="a">-v. 33, no. 29 (Oct. 8, 1942).</subfield></datafield><datafield ind1=" " ind2=" " tag="588"><subfield code="a">Description based on: Vol. 13, no. 34 (Nov. 30, 1922).</subfield></datafield><datafield ind1=" " ind2="0" tag="651"><subfield code="a">Zillah (Wash.)</subfield><subfield code="v">Newspapers.</subfield></datafield><datafield ind1=" " ind2=" " tag="752"><subfield code="a">United States</subfield><subfield code="b">Washington</subfield><subfield code="c">Yakima</subfield><subfield code="d">Zillah.</subfield></datafield><datafield ind1="0" ind2="0" tag="780"><subfield code="t">Zillah free press</subfield><subfield code="w">(DLC)sn 88085515</subfield></datafield></record>